@inproceedings{huang2004extreme,
  title={Extreme learning machine: a new learning scheme of feedforward neural networks},
  author={Huang, Guang-Bin and Zhu, Qin-Yu and Siew, Chee-Kheong},
  booktitle={2004 IEEE international joint conference on neural networks (IEEE Cat. No. 04CH37541)},
  volume={2},
  pages={985--990},
  year={2004},
  organization={Ieee}
}
@misc{ridge_reg,
  title = {Ridge regression},
  howpublished = {\url{https://en.wikipedia.org/wiki/Ridge_regression}},
}

@misc{heavyball,
      title={Local Convergence of the Heavy-ball Method and iPiano for Non-convex Optimization}, 
      author={Peter Ochs},
      year={2018},
      eprint={1606.09070},
      archivePrefix={arXiv},
      primaryClass={math.OC}
}